<record><leader>00000cas a22000007a 4500</leader><controlfield tag="001">20818487</controlfield><controlfield tag="008">891226d18941895nducr ne      0    0eng d</controlfield><datafield ind1=" " ind2=" " tag="010"><subfield code="a">sn 89074445 </subfield></datafield><datafield ind1=" " ind2=" " tag="040"><subfield code="a">NOP</subfield><subfield code="b">eng</subfield><subfield code="c">NOP</subfield><subfield code="d">OCLCQ</subfield></datafield><datafield ind1=" " ind2=" " tag="042"><subfield code="a">msc</subfield></datafield><datafield ind1="0" ind2="4" tag="245"><subfield code="a">The Casseltonian.</subfield></datafield><datafield ind1=" " ind2=" " tag="260"><subfield code="a">Casselton, Cass County, N.D. :</subfield><subfield code="b">Franklin Potter [and] Waldo M. Potter</subfield></datafield><datafield ind1=" " ind2=" " tag="300"><subfield code="a">2 v. :</subfield><subfield code="b">ill.</subfield></datafield><datafield ind1=" " ind2=" " tag="310"><subfield code="a">Semiweekly</subfield></datafield><datafield ind1="0" ind2=" " tag="362"><subfield code="a">Vol. 1, no. 1 (May 25, 1894)-v. 2, no. 37 (Sept. 27, 1895).</subfield></datafield><datafield ind1=" " ind2=" " tag="500"><subfield code="a">Official paper of Cass County, 1895.</subfield></datafield><datafield ind1=" " ind2=" " tag="515"><subfield code="a">Vol. 1 no. 47 (Nov. 2, 1894)-v. 1, no. 101 (May 10, 1895) misnumbered v. 1, no. 41-v. 1, no. 95.</subfield></datafield><datafield ind1=" " ind2=" " tag="530"><subfield code="a">Available on microfilm from the State Historical Society of North Dakota.</subfield></datafield><datafield ind1=" " ind2=" " tag="752"><subfield code="a">United States</subfield><subfield code="b">North Dakota</subfield><subfield code="c">Cass</subfield><subfield code="d">Casselton.</subfield></datafield><datafield ind1="0" ind2="0" tag="780"><subfield code="t">North Dakota Republican</subfield><subfield code="w">(DLC)sn 89074453</subfield></datafield><datafield ind1="0" ind2="4" tag="785"><subfield code="t">Casselton reporter</subfield><subfield code="w">(DLC)sn 89074446</subfield></datafield></record>